@article{rakhra2021crop,
  title={Crop Price Prediction Using Random Forest and Decision Tree Regression:-A Review},
  author={Rakhra, Manik and Soniya, Priyansh and Tanwar, Dishant and Singh, Piyush and Bordoloi, Dorothy and Agarwal, Prerit and Takkar, Sakshi and Jairath, Kapil and Verma, Neha},
  journal={Materials Today: Proceedings},
  year={2021},
  publisher={Elsevier}
}

@article{ahmed2013farm,
  title={Farm Mechanization in Bangladesh: Evidence from IFPRI National Household Survey},
  author={Ahmed, A},
  journal={A presentation at Rural Mechanization: Policy and Technology Lessons from Bangladesh and Other Asian Countries},
  pages={7--8},
  year={2013}
}

@article{soni2010agricultural,
  title={Agricultural mechanization at a glance selected country studies in Asia on agricultural machinery development},
  author={Soni, Peeyush and Ou, Yinggang},
  journal={Report of United Nations Asian and Pacific Centre for Agricultural Engineering and Machinery (UNAPCAEM)},
  pages={1--142},
  year={2010}
}

@article{bagheri2011adoption,
  title={Adoption and non-adoption of sprinkler irrigation technology in Ardabil Province of Iran},
  author={Bagheri, Asghar and Ghorbani, Ardavan},
  journal={African Journal of Agricultural Research},
  volume={6},
  number={5},
  pages={1085--1089},
  year={2011},
  publisher={Academic Journals}
}

@article{biggs2011patterns,
  title={Patterns of rural mechanisation, energy and employment in South Asia: reopening the debate},
  author={Biggs, Stephen and Justice, Scott and Lewis, David},
  journal={Economic and Political Weekly},
  pages={78--82},
  year={2011},
  publisher={JSTOR}
}

@article{biggs2015rural,
  title={Rural and agricultural mechanization: A history of the spread of small engines in selected Asian countries},
  author={Biggs, Stephen and Justice, Scott},
  year={2015},
  publisher={IFPRI Discussion Paper 1443}
}

@book{pingali1987agricultural,
  title={Agricultural mechanization and the evolution of farming systems in Sub-Saharan Africa.},
  author={Pingali, Prabhu and Bigot, Yves and Binswanger, Hans P and others},
  year={1987},
  publisher={World Bank}
}

