@article{
  priyadarshi2019demand,
	  title={Demand forecasting at retail stage for selected vegetables: a performance analysis},
      author={Priyadarshi, Rahul and Panigrahi, Akash and Routroy, Srikanta and Garg, Girish Kant},
  	  journal={Journal of Modelling in Management},
  	  year={2019},
      publisher={Emerald Publishing Limited}
}	
@article{
  ray2019exploring,
  title={Exploring machine learning classification algorithms for crop classification using Sentinel 2 data},
  author={Ray, SS and others},
  journal={The International Archives of Photogrammetry, Remote Sensing and Spatial Information Sciences},
  volume={42},
  pages={573--578},
  year={2019},
  publisher={Copernicus GmbH}
}